@misc{phpMostPopular,
  title={{The 10 most popular programming languages, according to the Microsoft-owned GitHub}},
  author={Rosalie Chan},
  year = {2019},
  url={https://www.businessinsider.com/most-popular-programming-languages-github-2019-11},
  note={\url{https://www.businessinsider.com/most-popular-programming-languages-github-2019-11}}
}

@article{phpSerbiaPopularity,
  title={{Rezultati istraživanja programerske scene u Srbiji}},
  author={Marko Marković},
  year = {2019},
  url={https://startit.rs/rezultati-istrazivanja-programerske-scene-u-srbiji-sve-je-vise-zena-u-struci-javascript-najpopularnija-tehnologija-plate-seniora-porasle/},
  note={\url{https://startit.rs/rezultati-istrazivanja-programerske-scene-u-srbiji-sve-je-vise-zena-u-struci-javascript-najpopularnija-tehnologija-plate-seniora-porasle/}}
}

@misc{phpEvents,
  title={{PHP Srbija Events}},
  url={https://www.meetup.com/PHPSrbija/events},
  note={\url{https://www.meetup.com/PHPSrbija/events}}
}

@misc{phpRasmusLerdorf,
  title={{Četvrti PHP Conference krajem maja u Beogradu – zajedno sa osnivačem PHP-a!}},
  author={Marko Crnjanski},
  year = {2017},
  url={https://www.netokracija.rs/php-srbija-rasmus-lerdof-128547/},
  note={\url{https://www.netokracija.rs/php-srbija-rasmus-lerdof-128547/}}
}

@misc{wpWordCamp,
  title={{WordCamp Europe}},
  year = {2018},
  url={https://2018.europe.wordcamp.org/speakers/},
  note={\url{https://2018.europe.wordcamp.org/speakers/}}
}

@misc{pythonPopular,
  title={{TIOBE index of Python popularity in last 20 years.}},
  author={TIOBE Co},
  year = {2020},
  url={https://www.tiobe.com/tiobe-index/python/},
  lastchecked = {20.03.2020.},
  note={\url{https://www.tiobe.com/tiobe-index/python/}}
}

@misc{pybgdSpeakers,
  title={{Python Belgrade speakers}},
  author={Python Belgrade Organisation},
  year = {2020},
  url={https://pythonbelgrade.com/speakers/},
  note={\url{https://pythonbelgrade.com/speakers/}}
}

@misc{aboutRisk,
  title={About RISK},
  author={http://risk.matf.bg.ac.rs/},
  year = {2020},
  url={http://risk.matf.bg.ac.rs/},
  note={\url{http://risk.matf.bg.ac.rs/}}
}

@misc{agileManifes,
  title={Assessing agile methods: An empirical study},
  author={Américo Sampaio, Alexandre Vasconcelos, Pedro R. Falcone Sampaio },
  year = {2004},
  url={https://doi.org/10.1007/BF03192357},
  note={\url{https://doi.org/10.1007/BF03192357}}
}

@misc{agilebook,
  title={ Agile Project Management For Dummies, 2nd Edition},
  author={Mark C. Layton, Steven J. Ostermiller},
  year = {2017},
  url={https://edubookpdf.com/computer/agile-project-management-for-dummies-2nd-edition.html},
  note={\url{http://file.allitebooks.com/20171021/Agile%20Project%20Management%20For%20Dummies,%202nd%20Edition.pdf}}
}

misc{gcc,
title = {{GNU gcc}},
note = {on-line at: \url{http://gcc.gnu.org/}},
    author = {Free Software Foundation},
    year = {2013}
}

article{haltingproblem,
    author = {Turing, A. M.},
    citeulike-article-id = {155758},
    journal = {Proceedings of the London Mathematical Society},
    keywords = {computability, entscheidungsproblem, turing},
    number = {42},
    pages = {230--265},
    posted-at = {2005-04-08 18:11:59},
    priority = {0},
    title = {{On Computable Numbers, with an application to the Entscheidungsproblem}},
    volume = {2},
    year = {1936}
}

@misc{aboutJS,
  title={{An Introduction to JavaScript}},
  author={Ilya Kantor},
  year = {2020},
  url={https://javascript.info/intro},
  note={\url{https://javascript.info/intro}}
}

@misc{JS_Belgrade_meetup_pocetna,
  title={{JS Belgrade Meetup}},
  author={JS Belgrade Meetup organizacija},
  year = {2020},
  url={https://www.meetup.com/JS-Belgrade-Meetup/},
  note={\url{https://www.meetup.com/JS-Belgrade-Meetup/}}
}

@misc{JS_Belgrade_meetup_events,
  title={{JS Belgrade Meetup}},
  author={JS Belgrade Meetup organizacija},
  year = {2020},
  url={https://www.meetup.com/JS-Belgrade-Meetup/events/},
  note={\url{https://www.meetup.com/JS-Belgrade-Meetup/events/}}
}

